@Misc{Davidek,
        author =        "Kryštof Davidek",
        title =         "Co, proč a jak",
        howpublished =  "[online]",
        year =          "2019",
        note =          "[cit. 18.\,4.\,2021]",
        url =           {https://medium.com/edtech-kisk/latex-co-pro%C4%8D-a-jak-a4c1f4641616},
}

@InBook{Rybicka,
        author =        "J.Rybička",
        title =         "Latex pro začátečníky - 3.vydání",
        year =          "2003",
        publisher =     "Brno: Konvoj",
}

@InBook{Doob,
        author =        "M.Doob",
        title =         "Jemný úvod do Texu",
        year =          "1992",
        publisher =     "Praha: CSTUG",
}

@InBook{Knuth,
        author =        "D.Knuth",
        title =         "The texbook",
        year =          "1994",
        publisher =     "Massachusetts: Addison-Wesley",
}

@MastersThesis{Bartlik,
        author =        "Jakub Bartlík",
        title =         "Šablony odborných prací pro LaTeX",
        address =	"Praha",
        year =          "2017",
        school =        "Vysoká škola ekonomická v Praze",
        type =          "Bakalářská práce",
}

@Misc{texmaker,
        title =         "texmaker",
        howpublished =  "[online]",
        url =           {https://www.xm1math.net/texmaker/},
}

@Misc{Frcatel,
        author =        "{Frcatel}",
        title =         "Historie latexu",
        howpublished =  "[online]",
        note =          "[cit. 18.\,4.\,2021]",
        url =           {https://frcatel.fri.uniza.sk/users/beerb/latex/LaTeX-help/a.html},
}

@Misc{manen1,
        author =        "RSI 2015 Staff",
        title =         "Introduction to latex",
        address =	"Massachusetts Institute of Technology",
        howpublished =  "[online]",
        year =          "2015",
        note =          "[cit. 18.\,4.\,2021]",
        url =           {https://web.mit.edu/rsi/www/pdfs/new-latex.pdf},
}

@Misc{manen2,
        author =        "Peter Hertel",
        title =         "Writing Articles with LATEX",
        address =	"University of Osnabrück, Germany",
        howpublished =  "[online]",
        year =          "2010",
        note =          "[cit. 18.\,4.\,2021]",
        url =           {https://iap.nankai.edu.cn/_upload/article/a8/fd/a1c19a1a46efa4199ac7ff88ee94/c4641683-13de-48b8-937b-1a664fdbb84e.pdf},
}

@Misc{mancz,
        author =        "Petr Olšák",
        title =         "Manuál k CSTEXu",
        howpublished =  "[online]",
        year =          "2002",
        note =          "[cit. 18.\,4.\,2021]",
        url =           {http://ftp.fi.muni.cz/pub/localization/cstex/cstexman.pdf},
}