@Misc{ochrana,
        title =         "Co je MAC Flooding Attack a co dělat, aby se tomu zabránilo",
        howpublished =  "[online]",
        note =          "[upravené: 2020-09-20]",
        url =           {https://itigic.com/cs/mac-flooding-attack-and-what-to-do-to-prevent-it/},
}

@Misc{MACflood,
        title =         "MAC FLOODING A PORT SECURITY – ÚTOK NA SWITCH A AKO SA BRÁNIŤ",
        howpublished =  "[online]",
        note =          "[upravené: 2018-03-19]",
        url =           {https://netvel.sk/mac-flooding-attack-port-security/},
}