@Misc{strankaP,
        title =         "Ochrana údajov na základe všeobecného nariadenia o ochrane údajov",
        howpublished =  "[online]",
        note =          "[upravené: 2019-04-26]",
        url =           {https://europa.eu/youreurope/business/dealing-with-customers/data-protection/data-protection-gdpr/index_sk.htm#shortcut-4},
}

@Misc{wikiGDPR,
        title =         "Všeobecné nariadenie o ochrane údajov",
        howpublished =  "[online]",
        note =          "[upravené: 2020-08-14]",
        url =           {https://sk.wikipedia.org/wiki/V%C5%A1eobecn%C3%A9_nariadenie_o_ochrane_%C3%BAdajov},
}

@Misc{mobily,
        title =         "GDPR proti ponukám cez telefón",
        howpublished =  "[online]",
        note =          "[upravené: 2019-01-23]",
        url =           {https://www.osobnyudaj.sk/novinka/38-gdpr-proti-ponukam-cez-telefon},
}

